@ARTICLE{Hermi2014,
author={O'Callaghan, F. and Bitauld, D. and O'Brien, S.},
journal={Quantum Electronics, IEEE Journal of},
title={Design Optimization of Passively Mode-Locked Semiconductor Lasers With Intracavity Grating Spectral Filters},
year={2014},
month={Nov},
volume={50},
number={11},
pages={863-873},
keywords={diffraction gratings;laser cavity resonators;laser mode locking;optical filters;semiconductor lasers;absorber section;absorption;carrier density;current-voltage phase space;design optimization;drive current;frequency function;gain;intracavity grating spectral filters;large signal accurate delay-differential model;optimal wavelength location;passively mode-locked semiconductor lasers;reverse bias;two-section Fabry-Perot laser;Absorption;Charge carrier density;Current measurement;Laser mode locking;Mathematical model;Measurement by laser beam;Semiconductor lasers;Semiconductor laser;mode-locked laser},
doi={10.1109/JQE.2014.2354691},
ISSN={0018-9197},}

